%YAML 1.1
%TAG !u! tag:unity3d.com,2011:
--- !u!1 &418116468850523453
GameObject:
  m_ObjectHideFlags: 0
  m_CorrespondingSourceObject: {fileID: 0}
  m_PrefabInstance: {fileID: 0}
  m_PrefabAsset: {fileID: 0}
  serializedVersion: 6
  m_Component:
  - component: {fileID: 418116468850523450}
  - component: {fileID: 418116468850523451}
  m_Layer: 0
  m_Name: Char_Dancing
  m_TagString: Untagged
  m_Icon: {fileID: 0}
  m_NavMeshLayer: 0
  m_StaticEditorFlags: 0
  m_IsActive: 1
--- !u!4 &418116468850523450
Transform:
  m_ObjectHideFlags: 0
  m_CorrespondingSourceObject: {fileID: 0}
  m_PrefabInstance: {fileID: 0}
  m_PrefabAsset: {fileID: 0}
  m_GameObject: {fileID: 418116468850523453}
  m_LocalRotation: {x: 0, y: 0, z: 0, w: 1}
  m_LocalPosition: {x: 0, y: 0, z: 0}
  m_LocalScale: {x: 1, y: 1, z: 1}
  m_ConstrainProportionsScale: 0
  m_Children:
  - {fileID: 418116469023748269}
  - {fileID: 164323986520127013}
  m_Father: {fileID: 0}
  m_RootOrder: 0
  m_LocalEulerAnglesHint: {x: 0, y: 0, z: 0}
--- !u!114 &418116468850523451
MonoBehaviour:
  m_ObjectHideFlags: 0
  m_CorrespondingSourceObject: {fileID: 0}
  m_PrefabInstance: {fileID: 0}
  m_PrefabAsset: {fileID: 0}
  m_GameObject: {fileID: 418116468850523453}
  m_Enabled: 1
  m_EditorHideFlags: 0
  m_Script: {fileID: 11500000, guid: db684090c5c4a064699bbd10b048680e, type: 3}
  m_Name: 
  m_EditorClassIdentifier: 
  menuCamera: {fileID: 418116469023748269}
  targetCamera: {fileID: 61248119128097185}
  cameraSpeedRotation: 20
  animCont_Dance: {fileID: 6100098340792724575}
--- !u!1 &418116469023748268
GameObject:
  m_ObjectHideFlags: 0
  m_CorrespondingSourceObject: {fileID: 0}
  m_PrefabInstance: {fileID: 0}
  m_PrefabAsset: {fileID: 0}
  serializedVersion: 6
  m_Component:
  - component: {fileID: 418116469023748269}
  - component: {fileID: 418116469023748264}
  - component: {fileID: 418116469023748266}
  m_Layer: 0
  m_Name: Camera
  m_TagString: Untagged
  m_Icon: {fileID: 0}
  m_NavMeshLayer: 0
  m_StaticEditorFlags: 0
  m_IsActive: 1
--- !u!4 &418116469023748269
Transform:
  m_ObjectHideFlags: 0
  m_CorrespondingSourceObject: {fileID: 0}
  m_PrefabInstance: {fileID: 0}
  m_PrefabAsset: {fileID: 0}
  m_GameObject: {fileID: 418116469023748268}
  m_LocalRotation: {x: -0, y: -0, z: -0, w: 1}
  m_LocalPosition: {x: 0, y: 0.9, z: -2}
  m_LocalScale: {x: 1, y: 1, z: 1}
  m_ConstrainProportionsScale: 0
  m_Children: []
  m_Father: {fileID: 418116468850523450}
  m_RootOrder: 0
  m_LocalEulerAnglesHint: {x: 0, y: 0, z: 0}
--- !u!20 &418116469023748264
Camera:
  m_ObjectHideFlags: 0
  m_CorrespondingSourceObject: {fileID: 0}
  m_PrefabInstance: {fileID: 0}
  m_PrefabAsset: {fileID: 0}
  m_GameObject: {fileID: 418116469023748268}
  m_Enabled: 1
  serializedVersion: 2
  m_ClearFlags: 2
  m_BackGroundColor: {r: 0, g: 0, b: 0, a: 0}
  m_projectionMatrixMode: 1
  m_GateFitMode: 2
  m_FOVAxisMode: 0
  m_SensorSize: {x: 36, y: 24}
  m_LensShift: {x: 0, y: 0}
  m_FocalLength: 20.78461
  m_NormalizedViewPortRect:
    serializedVersion: 2
    x: 0
    y: 0
    width: 1
    height: 1
  near clip plane: 0.01
  far clip plane: 5
  field of view: 60.000004
  orthographic: 0
  orthographic size: 5
  m_Depth: 0
  m_CullingMask:
    serializedVersion: 2
    m_Bits: 128
  m_RenderingPath: -1
  m_TargetTexture: {fileID: 8400000, guid: 3ac335881ee7c2548b196d1bc0222c6e, type: 2}
  m_TargetDisplay: 0
  m_TargetEye: 3
  m_HDR: 1
  m_AllowMSAA: 1
  m_AllowDynamicResolution: 0
  m_ForceIntoRT: 0
  m_OcclusionCulling: 1
  m_StereoConvergence: 10
  m_StereoSeparation: 0.022
--- !u!114 &418116469023748266
MonoBehaviour:
  m_ObjectHideFlags: 0
  m_CorrespondingSourceObject: {fileID: 0}
  m_PrefabInstance: {fileID: 0}
  m_PrefabAsset: {fileID: 0}
  m_GameObject: {fileID: 418116469023748268}
  m_Enabled: 1
  m_EditorHideFlags: 0
  m_Script: {fileID: 11500000, guid: a79441f348de89743a2939f4d699eac1, type: 3}
  m_Name: 
  m_EditorClassIdentifier: 
  m_RenderShadows: 1
  m_RequiresDepthTextureOption: 2
  m_RequiresOpaqueTextureOption: 2
  m_CameraType: 0
  m_Cameras: []
  m_RendererIndex: -1
  m_VolumeLayerMask:
    serializedVersion: 2
    m_Bits: 1
  m_VolumeTrigger: {fileID: 0}
  m_VolumeFrameworkUpdateModeOption: 2
  m_RenderPostProcessing: 0
  m_Antialiasing: 0
  m_AntialiasingQuality: 2
  m_StopNaN: 0
  m_Dithering: 0
  m_ClearDepth: 1
  m_AllowXRRendering: 1
  m_RequiresDepthTexture: 0
  m_RequiresColorTexture: 0
  m_Version: 2
--- !u!1001 &418116470487568846
PrefabInstance:
  m_ObjectHideFlags: 0
  serializedVersion: 2
  m_Modification:
    m_TransformParent: {fileID: 418116468850523450}
    m_Modifications:
    - target: {fileID: -9070493210130169274, guid: 4154758c3352027488e7a9cd8ed7ac50,
        type: 3}
      propertyPath: m_Layer
      value: 7
      objectReference: {fileID: 0}
    - target: {fileID: -8679921383154817045, guid: 4154758c3352027488e7a9cd8ed7ac50,
        type: 3}
      propertyPath: m_RootOrder
      value: 1
      objectReference: {fileID: 0}
    - target: {fileID: -8679921383154817045, guid: 4154758c3352027488e7a9cd8ed7ac50,
        type: 3}
      propertyPath: m_LocalPosition.x
      value: 0
      objectReference: {fileID: 0}
    - target: {fileID: -8679921383154817045, guid: 4154758c3352027488e7a9cd8ed7ac50,
        type: 3}
      propertyPath: m_LocalPosition.y
      value: 0
      objectReference: {fileID: 0}
    - target: {fileID: -8679921383154817045, guid: 4154758c3352027488e7a9cd8ed7ac50,
        type: 3}
      propertyPath: m_LocalPosition.z
      value: 0
      objectReference: {fileID: 0}
    - target: {fileID: -8679921383154817045, guid: 4154758c3352027488e7a9cd8ed7ac50,
        type: 3}
      propertyPath: m_LocalRotation.w
      value: 0
      objectReference: {fileID: 0}
    - target: {fileID: -8679921383154817045, guid: 4154758c3352027488e7a9cd8ed7ac50,
        type: 3}
      propertyPath: m_LocalRotation.x
      value: 0
      objectReference: {fileID: 0}
    - target: {fileID: -8679921383154817045, guid: 4154758c3352027488e7a9cd8ed7ac50,
        type: 3}
      propertyPath: m_LocalRotation.y
      value: 1
      objectReference: {fileID: 0}
    - target: {fileID: -8679921383154817045, guid: 4154758c3352027488e7a9cd8ed7ac50,
        type: 3}
      propertyPath: m_LocalRotation.z
      value: 0
      objectReference: {fileID: 0}
    - target: {fileID: -8679921383154817045, guid: 4154758c3352027488e7a9cd8ed7ac50,
        type: 3}
      propertyPath: m_LocalEulerAnglesHint.x
      value: 0
      objectReference: {fileID: 0}
    - target: {fileID: -8679921383154817045, guid: 4154758c3352027488e7a9cd8ed7ac50,
        type: 3}
      propertyPath: m_LocalEulerAnglesHint.y
      value: 180
      objectReference: {fileID: 0}
    - target: {fileID: -8679921383154817045, guid: 4154758c3352027488e7a9cd8ed7ac50,
        type: 3}
      propertyPath: m_LocalEulerAnglesHint.z
      value: 0
      objectReference: {fileID: 0}
    - target: {fileID: -8183481454299698827, guid: 4154758c3352027488e7a9cd8ed7ac50,
        type: 3}
      propertyPath: m_Layer
      value: 7
      objectReference: {fileID: 0}
    - target: {fileID: -8006009767450596044, guid: 4154758c3352027488e7a9cd8ed7ac50,
        type: 3}
      propertyPath: m_Layer
      value: 7
      objectReference: {fileID: 0}
    - target: {fileID: -7657966619581158213, guid: 4154758c3352027488e7a9cd8ed7ac50,
        type: 3}
      propertyPath: m_Layer
      value: 7
      objectReference: {fileID: 0}
    - target: {fileID: -7360747449169001873, guid: 4154758c3352027488e7a9cd8ed7ac50,
        type: 3}
      propertyPath: m_Layer
      value: 7
      objectReference: {fileID: 0}
    - target: {fileID: -7121769801107515815, guid: 4154758c3352027488e7a9cd8ed7ac50,
        type: 3}
      propertyPath: m_Layer
      value: 7
      objectReference: {fileID: 0}
    - target: {fileID: -6621945745981909287, guid: 4154758c3352027488e7a9cd8ed7ac50,
        type: 3}
      propertyPath: m_Layer
      value: 7
      objectReference: {fileID: 0}
    - target: {fileID: -6370085079684087283, guid: 4154758c3352027488e7a9cd8ed7ac50,
        type: 3}
      propertyPath: m_Layer
      value: 7
      objectReference: {fileID: 0}
    - target: {fileID: -6234591296559379751, guid: 4154758c3352027488e7a9cd8ed7ac50,
        type: 3}
      propertyPath: m_Layer
      value: 7
      objectReference: {fileID: 0}
    - target: {fileID: -6170625038081293824, guid: 4154758c3352027488e7a9cd8ed7ac50,
        type: 3}
      propertyPath: m_Layer
      value: 7
      objectReference: {fileID: 0}
    - target: {fileID: -6056541330796499132, guid: 4154758c3352027488e7a9cd8ed7ac50,
        type: 3}
      propertyPath: m_Layer
      value: 7
      objectReference: {fileID: 0}
    - target: {fileID: -5857696854640597626, guid: 4154758c3352027488e7a9cd8ed7ac50,
        type: 3}
      propertyPath: m_Layer
      value: 7
      objectReference: {fileID: 0}
    - target: {fileID: -5561550452697079657, guid: 4154758c3352027488e7a9cd8ed7ac50,
        type: 3}
      propertyPath: m_Layer
      value: 7
      objectReference: {fileID: 0}
    - target: {fileID: -5195048882033904264, guid: 4154758c3352027488e7a9cd8ed7ac50,
        type: 3}
      propertyPath: m_Layer
      value: 7
      objectReference: {fileID: 0}
    - target: {fileID: -4999088201633142198, guid: 4154758c3352027488e7a9cd8ed7ac50,
        type: 3}
      propertyPath: m_Layer
      value: 7
      objectReference: {fileID: 0}
    - target: {fileID: -4728426434207774260, guid: 4154758c3352027488e7a9cd8ed7ac50,
        type: 3}
      propertyPath: m_Layer
      value: 7
      objectReference: {fileID: 0}
    - target: {fileID: -4501530691011011137, guid: 4154758c3352027488e7a9cd8ed7ac50,
        type: 3}
      propertyPath: m_Layer
      value: 7
      objectReference: {fileID: 0}
    - target: {fileID: -4332706925441422008, guid: 4154758c3352027488e7a9cd8ed7ac50,
        type: 3}
      propertyPath: m_Layer
      value: 7
      objectReference: {fileID: 0}
    - target: {fileID: -4278032810995721380, guid: 4154758c3352027488e7a9cd8ed7ac50,
        type: 3}
      propertyPath: m_Layer
      value: 7
      objectReference: {fileID: 0}
    - target: {fileID: -3799395697873186154, guid: 4154758c3352027488e7a9cd8ed7ac50,
        type: 3}
      propertyPath: m_Layer
      value: 7
      objectReference: {fileID: 0}
    - target: {fileID: -3542885339558904099, guid: 4154758c3352027488e7a9cd8ed7ac50,
        type: 3}
      propertyPath: m_Layer
      value: 7
      objectReference: {fileID: 0}
    - target: {fileID: -3478013746326755454, guid: 4154758c3352027488e7a9cd8ed7ac50,
        type: 3}
      propertyPath: m_Layer
      value: 7
      objectReference: {fileID: 0}
    - target: {fileID: -3214267034143217929, guid: 4154758c3352027488e7a9cd8ed7ac50,
        type: 3}
      propertyPath: m_Layer
      value: 7
      objectReference: {fileID: 0}
    - target: {fileID: -3086436065929644917, guid: 4154758c3352027488e7a9cd8ed7ac50,
        type: 3}
      propertyPath: m_Layer
      value: 7
      objectReference: {fileID: 0}
    - target: {fileID: -2084811680363313996, guid: 4154758c3352027488e7a9cd8ed7ac50,
        type: 3}
      propertyPath: m_Layer
      value: 7
      objectReference: {fileID: 0}
    - target: {fileID: -1781356600409242780, guid: 4154758c3352027488e7a9cd8ed7ac50,
        type: 3}
      propertyPath: m_Layer
      value: 7
      objectReference: {fileID: 0}
    - target: {fileID: -1703473491307067327, guid: 4154758c3352027488e7a9cd8ed7ac50,
        type: 3}
      propertyPath: m_Layer
      value: 7
      objectReference: {fileID: 0}
    - target: {fileID: -1425791611860619382, guid: 4154758c3352027488e7a9cd8ed7ac50,
        type: 3}
      propertyPath: m_Layer
      value: 7
      objectReference: {fileID: 0}
    - target: {fileID: -1268151995469589007, guid: 4154758c3352027488e7a9cd8ed7ac50,
        type: 3}
      propertyPath: m_Layer
      value: 7
      objectReference: {fileID: 0}
    - target: {fileID: -1200856079203341021, guid: 4154758c3352027488e7a9cd8ed7ac50,
        type: 3}
      propertyPath: m_Layer
      value: 7
      objectReference: {fileID: 0}
    - target: {fileID: -751476226918971245, guid: 4154758c3352027488e7a9cd8ed7ac50,
        type: 3}
      propertyPath: m_Layer
      value: 7
      objectReference: {fileID: 0}
    - target: {fileID: -552831747908440785, guid: 4154758c3352027488e7a9cd8ed7ac50,
        type: 3}
      propertyPath: m_Layer
      value: 7
      objectReference: {fileID: 0}
    - target: {fileID: -290750445479886849, guid: 4154758c3352027488e7a9cd8ed7ac50,
        type: 3}
      propertyPath: m_Layer
      value: 7
      objectReference: {fileID: 0}
    - target: {fileID: -203856693384778745, guid: 4154758c3352027488e7a9cd8ed7ac50,
        type: 3}
      propertyPath: m_Layer
      value: 7
      objectReference: {fileID: 0}
    - target: {fileID: -76546954072915012, guid: 4154758c3352027488e7a9cd8ed7ac50,
        type: 3}
      propertyPath: m_Layer
      value: 7
      objectReference: {fileID: 0}
    - target: {fileID: 9171100556185337, guid: 4154758c3352027488e7a9cd8ed7ac50, type: 3}
      propertyPath: m_Layer
      value: 7
      objectReference: {fileID: 0}
    - target: {fileID: 414117464747255840, guid: 4154758c3352027488e7a9cd8ed7ac50,
        type: 3}
      propertyPath: m_Layer
      value: 7
      objectReference: {fileID: 0}
    - target: {fileID: 919132149155446097, guid: 4154758c3352027488e7a9cd8ed7ac50,
        type: 3}
      propertyPath: m_Name
      value: ely_k_atienza
      objectReference: {fileID: 0}
    - target: {fileID: 919132149155446097, guid: 4154758c3352027488e7a9cd8ed7ac50,
        type: 3}
      propertyPath: m_Layer
      value: 7
      objectReference: {fileID: 0}
    - target: {fileID: 1082271958561512970, guid: 4154758c3352027488e7a9cd8ed7ac50,
        type: 3}
      propertyPath: m_Layer
      value: 7
      objectReference: {fileID: 0}
    - target: {fileID: 1339101018200438765, guid: 4154758c3352027488e7a9cd8ed7ac50,
        type: 3}
      propertyPath: m_Layer
      value: 7
      objectReference: {fileID: 0}
    - target: {fileID: 1711505207429034123, guid: 4154758c3352027488e7a9cd8ed7ac50,
        type: 3}
      propertyPath: m_Layer
      value: 7
      objectReference: {fileID: 0}
    - target: {fileID: 2158975759703390516, guid: 4154758c3352027488e7a9cd8ed7ac50,
        type: 3}
      propertyPath: m_Layer
      value: 7
      objectReference: {fileID: 0}
    - target: {fileID: 2586065998465600510, guid: 4154758c3352027488e7a9cd8ed7ac50,
        type: 3}
      propertyPath: m_Layer
      value: 7
      objectReference: {fileID: 0}
    - target: {fileID: 2715566404302941441, guid: 4154758c3352027488e7a9cd8ed7ac50,
        type: 3}
      propertyPath: m_Layer
      value: 7
      objectReference: {fileID: 0}
    - target: {fileID: 2898355158428612036, guid: 4154758c3352027488e7a9cd8ed7ac50,
        type: 3}
      propertyPath: m_Layer
      value: 7
      objectReference: {fileID: 0}
    - target: {fileID: 3047284246813455858, guid: 4154758c3352027488e7a9cd8ed7ac50,
        type: 3}
      propertyPath: m_Layer
      value: 7
      objectReference: {fileID: 0}
    - target: {fileID: 3135921509060577837, guid: 4154758c3352027488e7a9cd8ed7ac50,
        type: 3}
      propertyPath: m_Layer
      value: 7
      objectReference: {fileID: 0}
    - target: {fileID: 3588849560313704984, guid: 4154758c3352027488e7a9cd8ed7ac50,
        type: 3}
      propertyPath: m_Layer
      value: 7
      objectReference: {fileID: 0}
    - target: {fileID: 3614653200513675785, guid: 4154758c3352027488e7a9cd8ed7ac50,
        type: 3}
      propertyPath: m_Layer
      value: 7
      objectReference: {fileID: 0}
    - target: {fileID: 3882815353823017779, guid: 4154758c3352027488e7a9cd8ed7ac50,
        type: 3}
      propertyPath: m_Layer
      value: 7
      objectReference: {fileID: 0}
    - target: {fileID: 3948933247560734027, guid: 4154758c3352027488e7a9cd8ed7ac50,
        type: 3}
      propertyPath: m_Layer
      value: 7
      objectReference: {fileID: 0}
    - target: {fileID: 3974016661214395164, guid: 4154758c3352027488e7a9cd8ed7ac50,
        type: 3}
      propertyPath: m_Layer
      value: 7
      objectReference: {fileID: 0}
    - target: {fileID: 4114030615378554161, guid: 4154758c3352027488e7a9cd8ed7ac50,
        type: 3}
      propertyPath: m_Layer
      value: 7
      objectReference: {fileID: 0}
    - target: {fileID: 4237274458221626025, guid: 4154758c3352027488e7a9cd8ed7ac50,
        type: 3}
      propertyPath: m_Layer
      value: 7
      objectReference: {fileID: 0}
    - target: {fileID: 4292352698409469397, guid: 4154758c3352027488e7a9cd8ed7ac50,
        type: 3}
      propertyPath: m_Layer
      value: 7
      objectReference: {fileID: 0}
    - target: {fileID: 4441848305933595309, guid: 4154758c3352027488e7a9cd8ed7ac50,
        type: 3}
      propertyPath: m_Layer
      value: 7
      objectReference: {fileID: 0}
    - target: {fileID: 4549111882529890269, guid: 4154758c3352027488e7a9cd8ed7ac50,
        type: 3}
      propertyPath: m_Layer
      value: 7
      objectReference: {fileID: 0}
    - target: {fileID: 5120724536234783804, guid: 4154758c3352027488e7a9cd8ed7ac50,
        type: 3}
      propertyPath: m_Layer
      value: 7
      objectReference: {fileID: 0}
    - target: {fileID: 5866666021909216657, guid: 4154758c3352027488e7a9cd8ed7ac50,
        type: 3}
      propertyPath: m_Controller
      value: 
      objectReference: {fileID: 9100000, guid: 2950328634135f74b9e5e3b6ed170c41, type: 2}
    - target: {fileID: 5866666021909216657, guid: 4154758c3352027488e7a9cd8ed7ac50,
        type: 3}
      propertyPath: m_ApplyRootMotion
      value: 0
      objectReference: {fileID: 0}
    - target: {fileID: 6240733294840144465, guid: 4154758c3352027488e7a9cd8ed7ac50,
        type: 3}
      propertyPath: m_Layer
      value: 7
      objectReference: {fileID: 0}
    - target: {fileID: 6514210125699187276, guid: 4154758c3352027488e7a9cd8ed7ac50,
        type: 3}
      propertyPath: m_Layer
      value: 7
      objectReference: {fileID: 0}
    - target: {fileID: 7363479242261063072, guid: 4154758c3352027488e7a9cd8ed7ac50,
        type: 3}
      propertyPath: m_Layer
      value: 7
      objectReference: {fileID: 0}
    - target: {fileID: 7542137907003004905, guid: 4154758c3352027488e7a9cd8ed7ac50,
        type: 3}
      propertyPath: m_Layer
      value: 7
      objectReference: {fileID: 0}
    - target: {fileID: 7732535366517880319, guid: 4154758c3352027488e7a9cd8ed7ac50,
        type: 3}
      propertyPath: m_Layer
      value: 7
      objectReference: {fileID: 0}
    - target: {fileID: 7776229726456038893, guid: 4154758c3352027488e7a9cd8ed7ac50,
        type: 3}
      propertyPath: m_Layer
      value: 7
      objectReference: {fileID: 0}
    - target: {fileID: 8817898888258712963, guid: 4154758c3352027488e7a9cd8ed7ac50,
        type: 3}
      propertyPath: m_Layer
      value: 7
      objectReference: {fileID: 0}
    - target: {fileID: 8953972740105248388, guid: 4154758c3352027488e7a9cd8ed7ac50,
        type: 3}
      propertyPath: m_Layer
      value: 7
      objectReference: {fileID: 0}
    - target: {fileID: 9037727976738196030, guid: 4154758c3352027488e7a9cd8ed7ac50,
        type: 3}
      propertyPath: m_Layer
      value: 7
      objectReference: {fileID: 0}
    m_RemovedComponents: []
  m_SourcePrefab: {fileID: 100100000, guid: 4154758c3352027488e7a9cd8ed7ac50, type: 3}
--- !u!4 &61248119128097185 stripped
Transform:
  m_CorrespondingSourceObject: {fileID: 366175167995203695, guid: 4154758c3352027488e7a9cd8ed7ac50,
    type: 3}
  m_PrefabInstance: {fileID: 418116470487568846}
  m_PrefabAsset: {fileID: 0}
--- !u!4 &164323986520127013 stripped
Transform:
  m_CorrespondingSourceObject: {fileID: -8679921383154817045, guid: 4154758c3352027488e7a9cd8ed7ac50,
    type: 3}
  m_PrefabInstance: {fileID: 418116470487568846}
  m_PrefabAsset: {fileID: 0}
--- !u!95 &6100098340792724575 stripped
Animator:
  m_CorrespondingSourceObject: {fileID: 5866666021909216657, guid: 4154758c3352027488e7a9cd8ed7ac50,
    type: 3}
  m_PrefabInstance: {fileID: 418116470487568846}
  m_PrefabAsset: {fileID: 0}
