%YAML 1.1
%TAG !u! tag:unity3d.com,2011:
--- !u!1 &5813366567428086488
GameObject:
  m_ObjectHideFlags: 0
  m_CorrespondingSourceObject: {fileID: 0}
  m_PrefabInstance: {fileID: 0}
  m_PrefabAsset: {fileID: 0}
  serializedVersion: 6
  m_Component:
  - component: {fileID: 5813366567428086495}
  - component: {fileID: 5813366567428086492}
  - component: {fileID: 5813366567428086493}
  - component: {fileID: 5813366567428086490}
  - component: {fileID: 5813366567428086491}
  - component: {fileID: 5813366567428086494}
  m_Layer: 8
  m_Name: MP5
  m_TagString: Untagged
  m_Icon: {fileID: 0}
  m_NavMeshLayer: 0
  m_StaticEditorFlags: 0
  m_IsActive: 1
--- !u!4 &5813366567428086495
Transform:
  m_ObjectHideFlags: 0
  m_CorrespondingSourceObject: {fileID: 0}
  m_PrefabInstance: {fileID: 0}
  m_PrefabAsset: {fileID: 0}
  m_GameObject: {fileID: 5813366567428086488}
  m_LocalRotation: {x: 0, y: 0, z: 0.7071068, w: 0.7071068}
  m_LocalPosition: {x: -0.5, y: 0.82, z: -15.053001}
  m_LocalScale: {x: 1, y: 1, z: 1}
  m_ConstrainProportionsScale: 0
  m_Children:
  - {fileID: 6280132699183163841}
  - {fileID: 3340324743389306983}
  m_Father: {fileID: 0}
  m_RootOrder: 0
  m_LocalEulerAnglesHint: {x: 0, y: 0, z: 90}
--- !u!65 &5813366567428086492
BoxCollider:
  m_ObjectHideFlags: 0
  m_CorrespondingSourceObject: {fileID: 0}
  m_PrefabInstance: {fileID: 0}
  m_PrefabAsset: {fileID: 0}
  m_GameObject: {fileID: 5813366567428086488}
  m_Material: {fileID: 0}
  m_IsTrigger: 0
  m_Enabled: 1
  serializedVersion: 2
  m_Size: {x: 0.103899546, y: 0.17981374, z: 1.1059545}
  m_Center: {x: -0.0000000079071825, y: 0.12419301, z: -0.05297725}
--- !u!136 &5813366567428086493
CapsuleCollider:
  m_ObjectHideFlags: 0
  m_CorrespondingSourceObject: {fileID: 0}
  m_PrefabInstance: {fileID: 0}
  m_PrefabAsset: {fileID: 0}
  m_GameObject: {fileID: 5813366567428086488}
  m_Material: {fileID: 0}
  m_IsTrigger: 0
  m_Enabled: 1
  m_Radius: 0.04637039
  m_Height: 0.2706408
  m_Direction: 1
  m_Center: {x: 0.0000003590733, y: -0.079663485, z: 0.24191725}
--- !u!136 &5813366567428086490
CapsuleCollider:
  m_ObjectHideFlags: 0
  m_CorrespondingSourceObject: {fileID: 0}
  m_PrefabInstance: {fileID: 0}
  m_PrefabAsset: {fileID: 0}
  m_GameObject: {fileID: 5813366567428086488}
  m_Material: {fileID: 0}
  m_IsTrigger: 0
  m_Enabled: 1
  m_Radius: 0.04637039
  m_Height: 0.20333666
  m_Direction: 1
  m_Center: {x: 0.00000036014973, y: -0.046011418, z: -0.04}
--- !u!54 &5813366567428086491
Rigidbody:
  m_ObjectHideFlags: 0
  m_CorrespondingSourceObject: {fileID: 0}
  m_PrefabInstance: {fileID: 0}
  m_PrefabAsset: {fileID: 0}
  m_GameObject: {fileID: 5813366567428086488}
  serializedVersion: 2
  m_Mass: 1
  m_Drag: 0
  m_AngularDrag: 0.05
  m_UseGravity: 1
  m_IsKinematic: 0
  m_Interpolate: 0
  m_Constraints: 0
  m_CollisionDetection: 0
--- !u!114 &5813366567428086494
MonoBehaviour:
  m_ObjectHideFlags: 0
  m_CorrespondingSourceObject: {fileID: 0}
  m_PrefabInstance: {fileID: 0}
  m_PrefabAsset: {fileID: 0}
  m_GameObject: {fileID: 5813366567428086488}
  m_Enabled: 1
  m_EditorHideFlags: 0
  m_Script: {fileID: 11500000, guid: 3f9dfe2c4e64adf40857d85d8c7af576, type: 3}
  m_Name: 
  m_EditorClassIdentifier: 
  gunReady: 0
  poolIndex: 0
  spawnPoint: {fileID: 0}
  prefBullet: {fileID: 0}
  data: {fileID: 11400000, guid: 24062b6cd502d8647bf8b221d7618b05, type: 2}
  actualAmmo: 0
  forceBullet: 100
  impactEffect: {fileID: 0}
--- !u!1001 &5813366568410200426
PrefabInstance:
  m_ObjectHideFlags: 0
  serializedVersion: 2
  m_Modification:
    m_TransformParent: {fileID: 5813366567428086495}
    m_Modifications:
    - target: {fileID: 9148514811050613002, guid: 88a73ab9061b25b40a5e779a14f3effb,
        type: 3}
      propertyPath: m_Name
      value: VFX_MuzzleFlash (1)
      objectReference: {fileID: 0}
    - target: {fileID: 9148514811050613005, guid: 88a73ab9061b25b40a5e779a14f3effb,
        type: 3}
      propertyPath: m_RootOrder
      value: 1
      objectReference: {fileID: 0}
    - target: {fileID: 9148514811050613005, guid: 88a73ab9061b25b40a5e779a14f3effb,
        type: 3}
      propertyPath: m_LocalScale.x
      value: 0.19999997
      objectReference: {fileID: 0}
    - target: {fileID: 9148514811050613005, guid: 88a73ab9061b25b40a5e779a14f3effb,
        type: 3}
      propertyPath: m_LocalScale.y
      value: 0.19999997
      objectReference: {fileID: 0}
    - target: {fileID: 9148514811050613005, guid: 88a73ab9061b25b40a5e779a14f3effb,
        type: 3}
      propertyPath: m_LocalPosition.x
      value: -0
      objectReference: {fileID: 0}
    - target: {fileID: 9148514811050613005, guid: 88a73ab9061b25b40a5e779a14f3effb,
        type: 3}
      propertyPath: m_LocalPosition.y
      value: 0.149
      objectReference: {fileID: 0}
    - target: {fileID: 9148514811050613005, guid: 88a73ab9061b25b40a5e779a14f3effb,
        type: 3}
      propertyPath: m_LocalPosition.z
      value: 0.529
      objectReference: {fileID: 0}
    - target: {fileID: 9148514811050613005, guid: 88a73ab9061b25b40a5e779a14f3effb,
        type: 3}
      propertyPath: m_LocalRotation.w
      value: 0.7071068
      objectReference: {fileID: 0}
    - target: {fileID: 9148514811050613005, guid: 88a73ab9061b25b40a5e779a14f3effb,
        type: 3}
      propertyPath: m_LocalRotation.x
      value: -0
      objectReference: {fileID: 0}
    - target: {fileID: 9148514811050613005, guid: 88a73ab9061b25b40a5e779a14f3effb,
        type: 3}
      propertyPath: m_LocalRotation.y
      value: -0
      objectReference: {fileID: 0}
    - target: {fileID: 9148514811050613005, guid: 88a73ab9061b25b40a5e779a14f3effb,
        type: 3}
      propertyPath: m_LocalRotation.z
      value: -0.7071068
      objectReference: {fileID: 0}
    - target: {fileID: 9148514811050613005, guid: 88a73ab9061b25b40a5e779a14f3effb,
        type: 3}
      propertyPath: m_LocalEulerAnglesHint.x
      value: 0
      objectReference: {fileID: 0}
    - target: {fileID: 9148514811050613005, guid: 88a73ab9061b25b40a5e779a14f3effb,
        type: 3}
      propertyPath: m_LocalEulerAnglesHint.y
      value: 0
      objectReference: {fileID: 0}
    - target: {fileID: 9148514811050613005, guid: 88a73ab9061b25b40a5e779a14f3effb,
        type: 3}
      propertyPath: m_LocalEulerAnglesHint.z
      value: 0
      objectReference: {fileID: 0}
    m_RemovedComponents: []
  m_SourcePrefab: {fileID: 100100000, guid: 88a73ab9061b25b40a5e779a14f3effb, type: 3}
--- !u!4 &3340324743389306983 stripped
Transform:
  m_CorrespondingSourceObject: {fileID: 9148514811050613005, guid: 88a73ab9061b25b40a5e779a14f3effb,
    type: 3}
  m_PrefabInstance: {fileID: 5813366568410200426}
  m_PrefabAsset: {fileID: 0}
--- !u!1001 &5813366568416824874
PrefabInstance:
  m_ObjectHideFlags: 0
  serializedVersion: 2
  m_Modification:
    m_TransformParent: {fileID: 5813366567428086495}
    m_Modifications:
    - target: {fileID: -8679921383154817045, guid: 8312cbfbb237b874c827c265ddbfbf89,
        type: 3}
      propertyPath: m_RootOrder
      value: 0
      objectReference: {fileID: 0}
    - target: {fileID: -8679921383154817045, guid: 8312cbfbb237b874c827c265ddbfbf89,
        type: 3}
      propertyPath: m_LocalPosition.x
      value: 0
      objectReference: {fileID: 0}
    - target: {fileID: -8679921383154817045, guid: 8312cbfbb237b874c827c265ddbfbf89,
        type: 3}
      propertyPath: m_LocalPosition.y
      value: 0
      objectReference: {fileID: 0}
    - target: {fileID: -8679921383154817045, guid: 8312cbfbb237b874c827c265ddbfbf89,
        type: 3}
      propertyPath: m_LocalPosition.z
      value: 0
      objectReference: {fileID: 0}
    - target: {fileID: -8679921383154817045, guid: 8312cbfbb237b874c827c265ddbfbf89,
        type: 3}
      propertyPath: m_LocalRotation.w
      value: 0.7071068
      objectReference: {fileID: 0}
    - target: {fileID: -8679921383154817045, guid: 8312cbfbb237b874c827c265ddbfbf89,
        type: 3}
      propertyPath: m_LocalRotation.x
      value: -0
      objectReference: {fileID: 0}
    - target: {fileID: -8679921383154817045, guid: 8312cbfbb237b874c827c265ddbfbf89,
        type: 3}
      propertyPath: m_LocalRotation.y
      value: -0.7071068
      objectReference: {fileID: 0}
    - target: {fileID: -8679921383154817045, guid: 8312cbfbb237b874c827c265ddbfbf89,
        type: 3}
      propertyPath: m_LocalRotation.z
      value: -0
      objectReference: {fileID: 0}
    - target: {fileID: -8679921383154817045, guid: 8312cbfbb237b874c827c265ddbfbf89,
        type: 3}
      propertyPath: m_LocalEulerAnglesHint.x
      value: 0
      objectReference: {fileID: 0}
    - target: {fileID: -8679921383154817045, guid: 8312cbfbb237b874c827c265ddbfbf89,
        type: 3}
      propertyPath: m_LocalEulerAnglesHint.y
      value: -110.674
      objectReference: {fileID: 0}
    - target: {fileID: -8679921383154817045, guid: 8312cbfbb237b874c827c265ddbfbf89,
        type: 3}
      propertyPath: m_LocalEulerAnglesHint.z
      value: 0
      objectReference: {fileID: 0}
    - target: {fileID: -6564286437425786353, guid: 8312cbfbb237b874c827c265ddbfbf89,
        type: 3}
      propertyPath: m_Layer
      value: 8
      objectReference: {fileID: 0}
    - target: {fileID: 919132149155446097, guid: 8312cbfbb237b874c827c265ddbfbf89,
        type: 3}
      propertyPath: m_Name
      value: Visual
      objectReference: {fileID: 0}
    - target: {fileID: 919132149155446097, guid: 8312cbfbb237b874c827c265ddbfbf89,
        type: 3}
      propertyPath: m_Layer
      value: 8
      objectReference: {fileID: 0}
    m_RemovedComponents: []
  m_SourcePrefab: {fileID: 100100000, guid: 8312cbfbb237b874c827c265ddbfbf89, type: 3}
--- !u!4 &6280132699183163841 stripped
Transform:
  m_CorrespondingSourceObject: {fileID: -8679921383154817045, guid: 8312cbfbb237b874c827c265ddbfbf89,
    type: 3}
  m_PrefabInstance: {fileID: 5813366568416824874}
  m_PrefabAsset: {fileID: 0}
