%YAML 1.1
%TAG !u! tag:unity3d.com,2011:
--- !u!1 &2496349025658815103
GameObject:
  m_ObjectHideFlags: 0
  m_CorrespondingSourceObject: {fileID: 0}
  m_PrefabInstance: {fileID: 0}
  m_PrefabAsset: {fileID: 0}
  serializedVersion: 6
  m_Component:
  - component: {fileID: 2496349025658815088}
  - component: {fileID: 2496349025658815092}
  - component: {fileID: 2496349025658815091}
  - component: {fileID: 2496349025658815090}
  - component: {fileID: 2496349025658815089}
  m_Layer: 8
  m_Name: Pref_GrenadeParent
  m_TagString: Untagged
  m_Icon: {fileID: 0}
  m_NavMeshLayer: 0
  m_StaticEditorFlags: 0
  m_IsActive: 1
--- !u!4 &2496349025658815088
Transform:
  m_ObjectHideFlags: 0
  m_CorrespondingSourceObject: {fileID: 0}
  m_PrefabInstance: {fileID: 0}
  m_PrefabAsset: {fileID: 0}
  m_GameObject: {fileID: 2496349025658815103}
  m_LocalRotation: {x: -0, y: -0, z: -0, w: 1}
  m_LocalPosition: {x: 0.4, y: 1.3, z: 0.3}
  m_LocalScale: {x: 1, y: 1, z: 1}
  m_ConstrainProportionsScale: 0
  m_Children:
  - {fileID: 2679194600520608893}
  m_Father: {fileID: 0}
  m_RootOrder: 0
  m_LocalEulerAnglesHint: {x: 0, y: 0, z: 0}
--- !u!65 &2496349025658815092
BoxCollider:
  m_ObjectHideFlags: 0
  m_CorrespondingSourceObject: {fileID: 0}
  m_PrefabInstance: {fileID: 0}
  m_PrefabAsset: {fileID: 0}
  m_GameObject: {fileID: 2496349025658815103}
  m_Material: {fileID: 0}
  m_IsTrigger: 1
  m_Enabled: 1
  serializedVersion: 2
  m_Size: {x: 0.113853596, y: 0.26680708, z: 0.7478238}
  m_Center: {x: 0.00082559884, y: 0.2081325, z: 0.5984217}
--- !u!135 &2496349025658815091
SphereCollider:
  m_ObjectHideFlags: 0
  m_CorrespondingSourceObject: {fileID: 0}
  m_PrefabInstance: {fileID: 0}
  m_PrefabAsset: {fileID: 0}
  m_GameObject: {fileID: 2496349025658815103}
  m_Material: {fileID: 0}
  m_IsTrigger: 0
  m_Enabled: 1
  serializedVersion: 2
  m_Radius: 0.21080399
  m_Center: {x: 0, y: 0.12960625, z: 0.44124532}
--- !u!54 &2496349025658815090
Rigidbody:
  m_ObjectHideFlags: 0
  m_CorrespondingSourceObject: {fileID: 0}
  m_PrefabInstance: {fileID: 0}
  m_PrefabAsset: {fileID: 0}
  m_GameObject: {fileID: 2496349025658815103}
  serializedVersion: 2
  m_Mass: 1
  m_Drag: 0
  m_AngularDrag: 0.05
  m_UseGravity: 1
  m_IsKinematic: 0
  m_Interpolate: 0
  m_Constraints: 0
  m_CollisionDetection: 0
--- !u!114 &2496349025658815089
MonoBehaviour:
  m_ObjectHideFlags: 0
  m_CorrespondingSourceObject: {fileID: 0}
  m_PrefabInstance: {fileID: 0}
  m_PrefabAsset: {fileID: 0}
  m_GameObject: {fileID: 2496349025658815103}
  m_Enabled: 1
  m_EditorHideFlags: 0
  m_Script: {fileID: 11500000, guid: 4b983d1a3c8ccde4daccf2131ca32c33, type: 3}
  m_Name: 
  m_EditorClassIdentifier: 
  gunReady: 0
  poolIndex: 1
  spawnPoint: {fileID: 0}
  prefBullet: {fileID: 0}
  data: {fileID: 11400000, guid: b640ef01665aecb4ca42941a608439b1, type: 2}
  actualAmmo: 0
  numPoints: 0
  timeBetweenPoints: 0
  layerMask:
    serializedVersion: 2
    m_Bits: 0
--- !u!1001 &2496349024598199190
PrefabInstance:
  m_ObjectHideFlags: 0
  serializedVersion: 2
  m_Modification:
    m_TransformParent: {fileID: 2496349025658815088}
    m_Modifications:
    - target: {fileID: -9134042635126579094, guid: 7b1eaff97d573d74399812b6a89fb5bd,
        type: 3}
      propertyPath: m_Layer
      value: 8
      objectReference: {fileID: 0}
    - target: {fileID: -8679921383154817045, guid: 7b1eaff97d573d74399812b6a89fb5bd,
        type: 3}
      propertyPath: m_RootOrder
      value: 0
      objectReference: {fileID: 0}
    - target: {fileID: -8679921383154817045, guid: 7b1eaff97d573d74399812b6a89fb5bd,
        type: 3}
      propertyPath: m_LocalPosition.x
      value: 0
      objectReference: {fileID: 0}
    - target: {fileID: -8679921383154817045, guid: 7b1eaff97d573d74399812b6a89fb5bd,
        type: 3}
      propertyPath: m_LocalPosition.y
      value: 0
      objectReference: {fileID: 0}
    - target: {fileID: -8679921383154817045, guid: 7b1eaff97d573d74399812b6a89fb5bd,
        type: 3}
      propertyPath: m_LocalPosition.z
      value: 0
      objectReference: {fileID: 0}
    - target: {fileID: -8679921383154817045, guid: 7b1eaff97d573d74399812b6a89fb5bd,
        type: 3}
      propertyPath: m_LocalRotation.w
      value: -0.7071068
      objectReference: {fileID: 0}
    - target: {fileID: -8679921383154817045, guid: 7b1eaff97d573d74399812b6a89fb5bd,
        type: 3}
      propertyPath: m_LocalRotation.x
      value: 0
      objectReference: {fileID: 0}
    - target: {fileID: -8679921383154817045, guid: 7b1eaff97d573d74399812b6a89fb5bd,
        type: 3}
      propertyPath: m_LocalRotation.y
      value: 0.7071068
      objectReference: {fileID: 0}
    - target: {fileID: -8679921383154817045, guid: 7b1eaff97d573d74399812b6a89fb5bd,
        type: 3}
      propertyPath: m_LocalRotation.z
      value: -0
      objectReference: {fileID: 0}
    - target: {fileID: -8679921383154817045, guid: 7b1eaff97d573d74399812b6a89fb5bd,
        type: 3}
      propertyPath: m_LocalEulerAnglesHint.x
      value: 0
      objectReference: {fileID: 0}
    - target: {fileID: -8679921383154817045, guid: 7b1eaff97d573d74399812b6a89fb5bd,
        type: 3}
      propertyPath: m_LocalEulerAnglesHint.y
      value: 270
      objectReference: {fileID: 0}
    - target: {fileID: -8679921383154817045, guid: 7b1eaff97d573d74399812b6a89fb5bd,
        type: 3}
      propertyPath: m_LocalEulerAnglesHint.z
      value: 0
      objectReference: {fileID: 0}
    - target: {fileID: -8571738890428363626, guid: 7b1eaff97d573d74399812b6a89fb5bd,
        type: 3}
      propertyPath: m_Layer
      value: 8
      objectReference: {fileID: 0}
    - target: {fileID: -8456303994602094006, guid: 7b1eaff97d573d74399812b6a89fb5bd,
        type: 3}
      propertyPath: m_Layer
      value: 8
      objectReference: {fileID: 0}
    - target: {fileID: -8032074284692710126, guid: 7b1eaff97d573d74399812b6a89fb5bd,
        type: 3}
      propertyPath: m_Layer
      value: 8
      objectReference: {fileID: 0}
    - target: {fileID: -6877999785222323413, guid: 7b1eaff97d573d74399812b6a89fb5bd,
        type: 3}
      propertyPath: m_Layer
      value: 8
      objectReference: {fileID: 0}
    - target: {fileID: -5256785119123656183, guid: 7b1eaff97d573d74399812b6a89fb5bd,
        type: 3}
      propertyPath: m_Layer
      value: 8
      objectReference: {fileID: 0}
    - target: {fileID: -4873977753396508250, guid: 7b1eaff97d573d74399812b6a89fb5bd,
        type: 3}
      propertyPath: m_Layer
      value: 8
      objectReference: {fileID: 0}
    - target: {fileID: -4558471357462444746, guid: 7b1eaff97d573d74399812b6a89fb5bd,
        type: 3}
      propertyPath: m_Layer
      value: 8
      objectReference: {fileID: 0}
    - target: {fileID: -4507585983857103844, guid: 7b1eaff97d573d74399812b6a89fb5bd,
        type: 3}
      propertyPath: m_Layer
      value: 8
      objectReference: {fileID: 0}
    - target: {fileID: -3694528588543387278, guid: 7b1eaff97d573d74399812b6a89fb5bd,
        type: 3}
      propertyPath: m_Layer
      value: 8
      objectReference: {fileID: 0}
    - target: {fileID: -3563301510328454022, guid: 7b1eaff97d573d74399812b6a89fb5bd,
        type: 3}
      propertyPath: m_Layer
      value: 8
      objectReference: {fileID: 0}
    - target: {fileID: -3085413491793350321, guid: 7b1eaff97d573d74399812b6a89fb5bd,
        type: 3}
      propertyPath: m_Layer
      value: 8
      objectReference: {fileID: 0}
    - target: {fileID: -2732986495463347867, guid: 7b1eaff97d573d74399812b6a89fb5bd,
        type: 3}
      propertyPath: m_Layer
      value: 8
      objectReference: {fileID: 0}
    - target: {fileID: -2523554121159038342, guid: 7b1eaff97d573d74399812b6a89fb5bd,
        type: 3}
      propertyPath: m_Layer
      value: 8
      objectReference: {fileID: 0}
    - target: {fileID: -1807499319381836413, guid: 7b1eaff97d573d74399812b6a89fb5bd,
        type: 3}
      propertyPath: m_Layer
      value: 8
      objectReference: {fileID: 0}
    - target: {fileID: 800684204546136164, guid: 7b1eaff97d573d74399812b6a89fb5bd,
        type: 3}
      propertyPath: m_Layer
      value: 8
      objectReference: {fileID: 0}
    - target: {fileID: 919132149155446097, guid: 7b1eaff97d573d74399812b6a89fb5bd,
        type: 3}
      propertyPath: m_Name
      value: grenade-launcher
      objectReference: {fileID: 0}
    - target: {fileID: 919132149155446097, guid: 7b1eaff97d573d74399812b6a89fb5bd,
        type: 3}
      propertyPath: m_Layer
      value: 8
      objectReference: {fileID: 0}
    - target: {fileID: 1216427928022771886, guid: 7b1eaff97d573d74399812b6a89fb5bd,
        type: 3}
      propertyPath: m_Layer
      value: 8
      objectReference: {fileID: 0}
    - target: {fileID: 1677023937568939752, guid: 7b1eaff97d573d74399812b6a89fb5bd,
        type: 3}
      propertyPath: m_Layer
      value: 8
      objectReference: {fileID: 0}
    - target: {fileID: 2157573846762542520, guid: 7b1eaff97d573d74399812b6a89fb5bd,
        type: 3}
      propertyPath: m_Layer
      value: 8
      objectReference: {fileID: 0}
    - target: {fileID: 2960580481667737002, guid: 7b1eaff97d573d74399812b6a89fb5bd,
        type: 3}
      propertyPath: m_Layer
      value: 8
      objectReference: {fileID: 0}
    - target: {fileID: 3104610842950926988, guid: 7b1eaff97d573d74399812b6a89fb5bd,
        type: 3}
      propertyPath: m_Layer
      value: 8
      objectReference: {fileID: 0}
    - target: {fileID: 3221362075433037594, guid: 7b1eaff97d573d74399812b6a89fb5bd,
        type: 3}
      propertyPath: m_Layer
      value: 8
      objectReference: {fileID: 0}
    - target: {fileID: 4084359722606937959, guid: 7b1eaff97d573d74399812b6a89fb5bd,
        type: 3}
      propertyPath: m_Layer
      value: 8
      objectReference: {fileID: 0}
    - target: {fileID: 5013859473697844026, guid: 7b1eaff97d573d74399812b6a89fb5bd,
        type: 3}
      propertyPath: m_Layer
      value: 8
      objectReference: {fileID: 0}
    - target: {fileID: 5310415367751601231, guid: 7b1eaff97d573d74399812b6a89fb5bd,
        type: 3}
      propertyPath: m_Layer
      value: 8
      objectReference: {fileID: 0}
    - target: {fileID: 5556123135459184864, guid: 7b1eaff97d573d74399812b6a89fb5bd,
        type: 3}
      propertyPath: m_Layer
      value: 8
      objectReference: {fileID: 0}
    - target: {fileID: 6439174610621890604, guid: 7b1eaff97d573d74399812b6a89fb5bd,
        type: 3}
      propertyPath: m_Layer
      value: 8
      objectReference: {fileID: 0}
    - target: {fileID: 7124957207442874053, guid: 7b1eaff97d573d74399812b6a89fb5bd,
        type: 3}
      propertyPath: m_Layer
      value: 8
      objectReference: {fileID: 0}
    - target: {fileID: 8561734499565812422, guid: 7b1eaff97d573d74399812b6a89fb5bd,
        type: 3}
      propertyPath: m_Layer
      value: 8
      objectReference: {fileID: 0}
    m_RemovedComponents: []
  m_SourcePrefab: {fileID: 100100000, guid: 7b1eaff97d573d74399812b6a89fb5bd, type: 3}
--- !u!4 &2679194600520608893 stripped
Transform:
  m_CorrespondingSourceObject: {fileID: -8679921383154817045, guid: 7b1eaff97d573d74399812b6a89fb5bd,
    type: 3}
  m_PrefabInstance: {fileID: 2496349024598199190}
  m_PrefabAsset: {fileID: 0}
